<record><leader>00000cas a22000007a 4500</leader><controlfield tag="001">11255157</controlfield><controlfield tag="008">841011d18671876mnuwr ne      0    0eng d</controlfield><datafield ind1=" " ind2=" " tag="010"><subfield code="a">sn 84031848 </subfield></datafield><datafield ind1=" " ind2=" " tag="040"><subfield code="a">NYG</subfield><subfield code="b">eng</subfield><subfield code="c">NYG</subfield><subfield code="d">NPX</subfield><subfield code="d">NPU</subfield><subfield code="d">MN#</subfield><subfield code="d">OCLCQ</subfield><subfield code="d">OCLCF</subfield><subfield code="d">OCLCO</subfield></datafield><datafield ind1=" " ind2=" " tag="042"><subfield code="a">msc</subfield></datafield><datafield ind1=" " ind2=" " tag="043"><subfield code="a">n-us-mn</subfield></datafield><datafield ind1="0" ind2="0" tag="245"><subfield code="a">Minneapolis weekly tribune.</subfield></datafield><datafield ind1="1" ind2="3" tag="246"><subfield code="a">Minneapolis tribune</subfield></datafield><datafield ind1=" " ind2=" " tag="260"><subfield code="a">Minneapolis, Minn. :</subfield><subfield code="b">[s.n.]</subfield></datafield><datafield ind1=" " ind2=" " tag="300"><subfield code="a">v.</subfield></datafield><datafield ind1=" " ind2=" " tag="310"><subfield code="a">Weekly</subfield></datafield><datafield ind1="1" ind2=" " tag="362"><subfield code="a">Began in 1867; ceased in 1876.</subfield><subfield code="z">Cf. Gregory, W. Amer. newspapers.</subfield></datafield><datafield ind1=" " ind2=" " tag="500"><subfield code="a">Publisher: Tribune Printing Co., &lt;1873&gt;.</subfield></datafield><datafield ind1=" " ind2=" " tag="580"><subfield code="a">Daily ed.: Minneapolis daily tribune.</subfield></datafield><datafield ind1=" " ind2=" " tag="580"><subfield code="a">Merged in part with: Farmers' union, to form: Farmers' union and Minneapolis weekly tribune. Merged in part with: Weekly pioneer-press, to form: Pioneer-press and tribune (Saint Paul, Minn. : Weekly).</subfield></datafield><datafield ind1=" " ind2=" " tag="588"><subfield code="a">Description based on: Vol. 1, no. 19 (Oct. 3, 1867).</subfield></datafield><datafield ind1=" " ind2="0" tag="651"><subfield code="a">Minneapolis (Minn.)</subfield><subfield code="v">Newspapers.</subfield></datafield><datafield ind1=" " ind2="7" tag="655"><subfield code="a">Newspapers.</subfield><subfield code="2">fast</subfield><subfield code="0">(OCoLC)fst01423814</subfield></datafield><datafield ind1=" " ind2="7" tag="651"><subfield code="a">Minnesota</subfield><subfield code="z">Minneapolis.</subfield><subfield code="2">fast</subfield><subfield code="0">(OCoLC)fst01204260</subfield></datafield><datafield ind1=" " ind2=" " tag="752"><subfield code="a">United States</subfield><subfield code="b">Minnesota</subfield><subfield code="c">Hennepin</subfield><subfield code="d">Minneapolis.</subfield></datafield><datafield ind1="0" ind2=" " tag="775"><subfield code="t">Minneapolis tri-weekly tribune</subfield><subfield code="w">(DLC)sn 85033517</subfield></datafield><datafield ind1="1" ind2=" " tag="775"><subfield code="t">Minneapolis daily tribune (Minneapolis, Minn. : 1867)</subfield><subfield code="w">(DLC)sn 83016762</subfield></datafield><datafield ind1="1" ind2="7" tag="785"><subfield code="t">Weekly pioneer-press</subfield></datafield><datafield ind1="1" ind2="7" tag="785"><subfield code="t">Pioneer-press and tribune (Saint Paul, Minn. : Weekly)</subfield><subfield code="w">(DLC)sn 85025526</subfield></datafield><datafield ind1="1" ind2="7" tag="785"><subfield code="t">Farmers' union</subfield><subfield code="w">(DLC)sn 85025547</subfield></datafield><datafield ind1="1" ind2="7" tag="785"><subfield code="t">Farmers' union and Minneapolis weekly tribune</subfield><subfield code="w">(DLC)sn 90059903</subfield></datafield></record>